@book{apa6ed,
  author = {{American Psychological Association}},
  shortauthor = {{APA}},
  publisher = {Author},
  year = {2010},
  title = {Publication manual of the {American} {Psychological} {Association}},
  edition = {6},
  address = {Washington, DC}
}

@book{borgman2007sda,
  author = {Borgman, C. L.},
  year = {2007},
  title = {Scholarship in the digital age: Information, infrastructure, and the {Internet}},
  address = {Cambridge, MA},
  publisher = {MIT Press}
}

@inbook{borgman.etal2006bdl,
  author = {Borgman, C. L. and Wallis, J. C. and Enyedy, N.},
  year = {2006},
  title = {Building digital libraries for scientific data: An exploratory study of data practices in habitat ecology},
  editor = {J. Gonzalo and C. Thanos and M. F. Verdejo and R. C. Carrasco},
  booktitle = {{Lecture} {Notes} in {Computer} {Science:} {Vol.} 4172. {Research} and {Advanced} {Technology} for {Digital} {Libraries}},
  pages = {170--183},
  doi = {10.1007/11863878_15}
}

@techreport{ccsds2012oais,
  author = {{Consultative Committee for Space Data Systems}},
  shortauthor = {{CCSDS}},
  year = {2012},
  title = {Reference model for an {Open} {Archival} {Information} {System} {(OAIS)}},
  type = {Magenta Book},
  number = {CCSDS 650.0-M-2},
  url = {http://public.ccsds.org/publications/archive/650x0m2.pdf}
}

@techreport{dcc2005dcp,
  author = {{Digital Curation Centre}},
  year = {2005},
  title = {Digital curation and preservation: Defining the research agenda for the next decade},
  type = {\bibnotype},
  howpublished = {Report of the Warwick Workshop, November 7–8, 2005},
  url = {http://www.dcc.ac.uk/webfm_send/346}
}

@article{esanu.etal2004sar,
  author = {Esanu, J. and Davidson, J. and Ross, S. and Anderson, W.},
  year = {2004},
  title = {Selection, appraisal, and retention of digital scientific data: Highlights of an {ERPANET\slash CODATA} workshop},
  journal = {Data Science Journal},
  volume = {3},
  pages = {227--232},
  url = {http://www.jstage.jst.go.jp/browse/dsj}
}

@article{mazairac.beetzIPboq,
  author = {Mazairac, W. and Beetz, J.},
  year = {\BIP},
  title = {{BIMQL}: An Open Query Language for Building Information Models},
  journal = {Advanced Engineering Informatics},
  doi = {10.1016/j.aei.2013.06.001}
}

@techreport{nsf2003rse,
  author = {{National Science Foundation, Blue-Ribbon Advisory Panel on Cyberinfrastructure}},
  year = {2003},
  title = {Revolutionizing science and engineering through cyberinfrastructure},
  type = {\bibnotype},
  url = {http://www.nsf.gov/publications/pub_summ.jsp?ods_key=cise051203}
}

@article{rinaldo.etal2011rsc,
  author = {Rinaldo, C. and Warnement, J. and Baione, T. and Kalfatovic, M. R. and Fraser, S.},
  year = {2011},
  month = jul,
  title = {Retooling special collections digitisation in the age of mass scanning},
  journal = {Ariadne},
  volume = {67},
  url = {http://www.ariadne.ac.uk/issue67/rinaldo-et-al/}
}

@unpublished{santini2004sas,
  author = {Santini, M.},
  year = {2004},
  title = {A shallow approach to syntactic feature extraction for genre classification},
  howpublished = {Paper presented at the Seventh Annual Colloquium for the UK Special Interest Group for Computational Linguistics, Birmingham, UK},
  url = {ftp://ftp.itri.bton.ac.uk/reports/ITRI-04-02.pdf}
}

@techreport{santini2004saa,
  author = {Santini, M.},
  year = {2004},
  title = {State-of-the-art on automatic genre identification},
  type = {Technical Report},
  number = {ITRI-04-03},
  institution = {Information Technology Research Institute},
  url = {ftp://ftp.itri.bton.ac.uk/reports/ITRI-04-03.pdf}
}

@article{smith.etal2003das,
  author = {Smith, M. and Barton, M. and Bass, M. and Branschofsky, M. and McClellan, G. and Stuve, D. and Walker, J. H.},
  year = {2003},
  title = {{DSpace}: An open source dynamic digital repository},
  journal = {D-Lib Magazine},
  volume = {9},
  number = {1},
  doi = {10.1045/january2003-smith}
}

@misc{waterton.etal2013ual,
  author = {Waterton, C. and Watson, N. and Norton, L.},
  title = {Understanding and Acting in {Loweswater}, 2007–2010},
  type = {Data set},
  year = {2013},
  publisher = {UK Data Archive},
  address = {Colchester, UK},
  doi = {10.5255/UKDA-SN-7359-1}
}

@book{witten.frank2005dmp,
  author = {Witten, I. H. and Frank, E.},
  year = {2005},
  title = {Data mining: Practical machine learning tools and techniques},
  edition = {2},
  address = {San Francisco, CA},
  publisher = {Morgan Kaufmann}
}
